@online{adventureworks,
    title = {AdventureWorks Person Table},
    url = {https://dataedo.com/samples/html/AdventureWorks/doc/AdventureWorks_2/tables/Person_Person_144.html},
    note = {Accessed: 2025-03-12}
}