@online{whale_curve,
  author = {Baker Tilly},
  title  = {Visualizing Customer Profitability with the Whale Curve},
  year   = {2021},
  url    = {https://www.bakertilly.com/insights/visualizing-customer-profitability-with-the-whale-curve},
  note   = {Accessed: 2025-05-04}
}